<record xmlns:xsi="http://www.w3.org/2001/XMLSchema-instance" xmlns="http://www.loc.gov/MARC21/slim" xsi:schemaLocation="http://www.loc.gov/MARC21/slim http://www.loc.gov/standards/marcxml/schema/MARC21slim.xsd">

  <leader>00702nam a2200169Ia 4500</leader>
  <datafield ind2=" " ind1=" " tag="999">
    <subfield code="c">691</subfield>
    <subfield code="d">691</subfield>
  </datafield>
  <controlfield tag="008">170419b2010    cr ||||| |||| 00| | spa d</controlfield>
  <datafield tag="020" ind2=" " ind1=" ">
    <subfield code="a">9789968961417</subfield>
  </datafield>
  <datafield tag="090" ind1=" " ind2=" ">
    <subfield code="a">06.03.06 </subfield>
    <subfield code="b">1987</subfield>
  </datafield>
  <datafield ind2=" " ind1="1" tag="100">
    <subfield code="a">Salas Barquero, Ronald</subfield>
    <subfield code="9">2667</subfield>
  </datafield>
  <datafield ind1="1" ind2="0" tag="245">
    <subfield code="a">Educación superior pública: caso de la carrera de Administración de Empresas de la Universidad Nacional - Región Brunca, Costa Rica / </subfield>
    <subfield code="c">Ronald Salas Barquero</subfield>
  </datafield>
  <datafield tag="260" ind2=" " ind1=" ">
    <subfield code="a">Heredia, Costa Rica : </subfield>
    <subfield code="b">UNA. Escuela de Planificación y Promoción Social, </subfield>
    <subfield code="c">2010</subfield>
  </datafield>
  <datafield tag="300" ind1=" " ind2=" ">
    <subfield code="a">232 páginas</subfield>
  </datafield>
  <datafield tag="610" ind2="4" ind1="2">
    <subfield code="9">2669</subfield>
    <subfield code="a">UNIVERSIDAD NACIONAL DE COSTA RICA (REGIÓN BRUNCA)</subfield>
  </datafield>
  <datafield tag="650" ind2="4" ind1="1">
    <subfield code="9">8</subfield>
    <subfield code="a">EDUCACIÓN SUPERIOR</subfield>
  </datafield>
  <datafield ind2="4" ind1="1" tag="650">
    <subfield code="a">ADMINISTRACIÓN DE EMPRESAS</subfield>
    <subfield code="9">2670</subfield>
  </datafield>
  <datafield ind2=" " ind1=" " tag="942">
    <subfield code="2">z</subfield>
    <subfield code="c">01</subfield>
  </datafield>
</record>